<?xml version="1.0" encoding="UTF-8"?><record xmlns="http://www.loc.gov/MARC21/slim" xmlns:cinclude="http://apache.org/cocoon/include/1.0" xmlns:zs="http://www.loc.gov/zing/srw/">
  <leader>00993cz  a2200229n  4500</leader>
  <controlfield tag="001">nr 96033038 </controlfield>
  <controlfield tag="003">DLC</controlfield>
  <controlfield tag="005">20130308104824.0</controlfield>
  <controlfield tag="008">960912n| acannaabn          |a aaa     c</controlfield>
  <datafield tag="010" ind1=" " ind2=" ">
    <subfield code="a">nr 96033038 </subfield>
  </datafield>
  <datafield tag="035" ind1=" " ind2=" ">
    <subfield code="a">(OCoLC)oca04233950</subfield>
  </datafield>
  <datafield tag="040" ind1=" " ind2=" ">
    <subfield code="a">CtY-BR</subfield>
    <subfield code="b">eng</subfield>
    <subfield code="c">CtY-BR</subfield>
    <subfield code="d">OCoLC</subfield>
    <subfield code="d">DLC</subfield>
  </datafield>
  <datafield tag="046" ind1=" " ind2=" ">
    <subfield code="f">1835</subfield>
  </datafield>
  <datafield tag="100" ind1="1" ind2=" ">
    <subfield code="a">Mennessier de la Lance,</subfield>
    <subfield code="c">général,</subfield>
    <subfield code="d">1835-</subfield>
  </datafield>
  <datafield tag="400" ind1="1" ind2=" ">
    <subfield code="a">De la Lance, Mennessier,</subfield>
    <subfield code="c">général,</subfield>
    <subfield code="d">1835-</subfield>
  </datafield>
  <datafield tag="400" ind1="1" ind2=" ">
    <subfield code="a">La Lance, Mennessier de,</subfield>
    <subfield code="c">général,</subfield>
    <subfield code="d">1835-</subfield>
  </datafield>
  <datafield tag="400" ind1="1" ind2=" ">
    <subfield code="a">Lance, Mennessier de la,</subfield>
    <subfield code="c">général,</subfield>
    <subfield code="d">1835-</subfield>
  </datafield>
  <datafield tag="400" ind1="1" ind2=" ">
    <subfield code="a">Mennessier de la Lance, Gabriel René,</subfield>
    <subfield code="d">1835-</subfield>
  </datafield>
  <datafield tag="400" ind1="1" ind2=" ">
    <subfield code="w">nnea</subfield>
    <subfield code="a">Mennessier de la Lance,</subfield>
    <subfield code="c">général,</subfield>
    <subfield code="d">b. 1835</subfield>
  </datafield>
  <datafield tag="667" ind1=" " ind2=" ">
    <subfield code="a">THIS 1XX FIELD CANNOT BE USED UNDER RDA UNTIL THIS RECORD HAS BEEN REVIEWED AND/OR UPDATED</subfield>
  </datafield>
  <datafield tag="670" ind1=" " ind2=" ">
    <subfield code="a">Essai de bib. hippique:</subfield>
    <subfield code="b">t.p. (général Mennessier de la Lance)</subfield>
  </datafield>
  <datafield tag="670" ind1=" " ind2=" ">
    <subfield code="a">LC in RLIN, 12 Sept. 1996</subfield>
    <subfield code="b">(hdg.: Mennessier de la Lance, Gabriel René, b. 1835; usage: général Mennessier de la Lance)</subfield>
  </datafield>
</record>